@book{Zipf1935,
  address    = {Cambridge, Mass.},
  author     = {Zipf, George},
  publisher  = {M.I.T. Press},
  title      = {The Psychobiology of Language: An Introduction to Dynamic Philology},
  year       = {1935},
  iso_code   = {},
  olac_field = {},
  wals_code  = {}
}

@inproceedings{Bonomi2006,
 author = {Bonomi, Flavio and Mitzenmacher, Michael and Panigrahy, Rina and Singh, Sushil and Varghese, George},
 title = {An Improved Construction for Counting Bloom Filters},
 booktitle = {Proceedings of the 14th Conference on Annual European Symposium - Volume 14},
 series = {ESA'06},
 year = {2006},
 isbn = {3-540-38875-3},
 location = {Zurich, Switzerland},
 pages = {684--695},
 numpages = {12},
 url = {http://dx.doi.org/10.1007/11841036_61},
 doi = {10.1007/11841036_61},
 acmid = {1276252},
 publisher = {Springer-Verlag},
 address = {London, UK, UK},
} 

@article{Fan2000,
 author = {Fan, Li and Cao, Pei and Almeida, Jussara and Broder, Andrei Z.},
 title = {Summary Cache: A Scalable Wide-area Web Cache Sharing Protocol},
 journal = {IEEE/ACM Trans. Netw.},
 issue_date = {June 2000},
 volume = {8},
 number = {3},
 month = jun,
 year = {2000},
 issn = {1063-6692},
 pages = {281--293},
 numpages = {13},
 url = {http://dx.doi.org/10.1109/90.851975},
 doi = {10.1109/90.851975},
 acmid = {343572},
 publisher = {IEEE Press},
 address = {Piscataway, NJ, USA},
 keywords = {ICP, Web cache, Web proxy, bloom filter, cache sharing},
} 

@inproceedings{Goyal2012,
 author = {Goyal, Amit and Daum{\'e},III, Hal and Cormode, Graham},
 title = {Sketch Algorithms for Estimating Point Queries in NLP},
 booktitle = {Proceedings of the 2012 Joint Conference on Empirical Methods in Natural Language Processing and Computational Natural Language Learning},
 series = {EMNLP-CoNLL '12},
 year = {2012},
 location = {Jeju Island, Korea},
 pages = {1093--1103},
 numpages = {11},
 url = {http://dl.acm.org/citation.cfm?id=2390948.2391070},
 acmid = {2391070},
 publisher = {Association for Computational Linguistics},
 address = {Stroudsburg, PA, USA},
} 
 
@article{thorup2017,
 author = {Thorup, Mikkel},
 title = {Fast and Powerful Hashing Using Tabulation},
 journal = {Commun. ACM},
 issue_date = {July 2017},
 volume = {60},
 number = {7},
 month = jun,
 year = {2017},
 issn = {0001-0782},
 pages = {94--101},
 numpages = {8},
 url = {http://doi.acm.org/10.1145/3068772},
 doi = {10.1145/3068772},
 acmid = {3068772},
 publisher = {ACM},
 address = {New York, NY, USA}
} 

@article{zobrist1970,
 author = {A. L. Zobrist},
  title = {A new hashing method with application for game playing},
 journal = {Technical Report 88},
 year = {University of Wisconsin, Madison, Wisconsin, 1970},
}

@article{patrascu2012,
 author = {P\v{a}tra\c{s}cu, Mihai and Thorup, Mikkel},
 title = {The Power of Simple Tabulation Hashing},
 journal = {J. ACM},
 issue_date = {June 2012},
 volume = {59},
 number = {3},
 month = jun,
 year = {2012},
 issn = {0004-5411},
 pages = {14:1--14:50},
 articleno = {14},
 numpages = {50},
 url = {http://doi.acm.org/10.1145/2220357.2220361},
 doi = {10.1145/2220357.2220361},
 acmid = {2220361},
 publisher = {ACM},
 address = {New York, NY, USA},
 keywords = {Hashing, tabulation},
} 

@inproceedings{hao2007,
 author = {Hao, Fang and Kodialam, Murali and Lakshman, T. V.},
 title = {Building High Accuracy Bloom Filters Using Partitioned Hashing},
 booktitle = {Proceedings of the 2007 ACM SIGMETRICS International Conference on Measurement and Modeling of Computer Systems},
 series = {SIGMETRICS '07},
 year = {2007},
 isbn = {978-1-59593-639-4},
 location = {San Diego, California, USA},
 pages = {277--288},
 numpages = {12},
 url = {http://doi.acm.org/10.1145/1254882.1254916},
 doi = {10.1145/1254882.1254916},
 acmid = {1254916},
 publisher = {ACM},
 address = {New York, NY, USA},
 keywords = {bloom filter, hashing},
} 

@inproceedings{lai2006,
 author = {Lai, Yu-Kuen and Byrd, Gregory T.},
 title = {High-throughput Sketch Update on a Low-power Stream Processor},
 booktitle = {Proceedings of the 2006 ACM/IEEE Symposium on Architecture for Networking and Communications Systems},
 series = {ANCS '06},
 year = {2006},
 isbn = {1-59593-580-0},
 location = {San Jose, California, USA},
 pages = {123--132},
 numpages = {10},
 url = {http://doi.acm.org/10.1145/1185347.1185364},
 doi = {10.1145/1185347.1185364},
 acmid = {1185364},
 publisher = {ACM},
 address = {New York, NY, USA},
 keywords = {SIMD, VLIW, data stream processing, network processors, sketch, stream architecture},
} 

@inproceedings{roy2016,
 author = {Roy, Pratanu and Khan, Arijit and Alonso, Gustavo},
 title = {Augmented Sketch: Faster and More Accurate Stream Processing},
 booktitle = {Proceedings of the 2016 International Conference on Management of Data},
 series = {SIGMOD '16},
 year = {2016},
 isbn = {978-1-4503-3531-7},
 location = {San Francisco, California, USA},
 pages = {1449--1463},
 numpages = {15},
 url = {http://doi.acm.org/10.1145/2882903.2882948},
 doi = {10.1145/2882903.2882948},
 acmid = {2882948},
 publisher = {ACM},
 address = {New York, NY, USA},
 keywords = {approximated algorithms, data streams, data structures, sketch, stream summary},
}



@inproceedings{alipourfard2018,
 author = {Alipourfard, Omid and Moshref, Masoud and Zhou, Yang and Yang, Tong and Yu, Minlan},
 title = {A Comparison of Performance and Accuracy of Measurement Algorithms in Software},
 booktitle = {Proceedings of the Symposium on SDN Research},
 series = {SOSR '18},
 year = {2018},
 isbn = {978-1-4503-5664-0},
 location = {Los Angeles, CA, USA},
 pages = {18:1--18:14},
 articleno = {18},
 numpages = {14},
 url = {http://doi.acm.org/10.1145/3185467.3185475},
 doi = {10.1145/3185467.3185475},
 acmid = {3185475},
 publisher = {ACM},
 address = {New York, NY, USA},
 keywords = {Network Measurement, Performance Tuning, Software Switches},
} 

@article{bloom1970,
 author = {Bloom, Burton H.},
 title = {Space/Time Trade-offs in Hash Coding with Allowable Errors},
 journal = {Commun. ACM},
 issue_date = {July 1970},
 volume = {13},
 number = {7},
 month = jul,
 year = {1970},
 issn = {0001-0782},
 pages = {422--426},
 numpages = {5},
 url = {http://doi.acm.org/10.1145/362686.362692},
 doi = {10.1145/362686.362692},
 acmid = {362692},
 publisher = {ACM},
 address = {New York, NY, USA},
 keywords = {hash addressing, hash coding, retrieval efficiency, retrieval trade-offs, scatter storage, searching, storage efficiency, storage layout},
} 

@inproceedings{cormode2003,
 author = {Cormode, Graham and Korn, Flip and Muthukrishnan, S. and Srivastava, Divesh},
 title = {Finding Hierarchical Heavy Hitters in Data Streams},
 booktitle = {Proceedings of the 29th International Conference on Very Large Data Bases - Volume 29},
 series = {VLDB '03},
 year = {2003},
 isbn = {0-12-722442-4},
 location = {Berlin, Germany},
 pages = {464--475},
 numpages = {12},
 url = {http://dl.acm.org/citation.cfm?id=1315451.1315492},
 acmid = {1315492},
 publisher = {VLDB Endowment},
} 



@inproceedings{cormode2004,
 author = {Cormode, Graham and Johnson, Theodore and Korn, Flip and Muthukrishnan, S. and Spatscheck, Oliver and Srivastava, Divesh},
 title = {Holistic UDAFs at Streaming Speeds},
 booktitle = {Proceedings of the 2004 ACM SIGMOD International Conference on Management of Data},
 series = {SIGMOD '04},
 year = {2004},
 isbn = {1-58113-859-8},
 location = {Paris, France},
 pages = {35--46},
 numpages = {12},
 url = {http://doi.acm.org/10.1145/1007568.1007575},
 doi = {10.1145/1007568.1007575},
 acmid = {1007575},
 publisher = {ACM},
 address = {New York, NY, USA},
} 

@article{cormode2005,
title = "An improved data stream summary: the count-min sketch and its applications",
journal = "Journal of Algorithms",
volume = "55",
number = "1",
pages = "58 - 75",
year = "2005",
issn = "0196-6774",
doi = "https://doi.org/10.1016/j.jalgor.2003.12.001",
url = "http://www.sciencedirect.com/science/article/pii/S0196677403001913",
author = "Graham Cormode and S. Muthukrishnan"
}

@inproceedings{charikar2002,
 author = {Charikar, Moses and Chen, Kevin and Farach-Colton, Martin},
 title = {Finding Frequent Items in Data Streams},
 booktitle = {Proceedings of the 29th International Colloquium on Automata, Languages and Programming},
 series = {ICALP '02},
 year = {2002},
 isbn = {3-540-43864-5},
 pages = {693--703},
 numpages = {11},
 url = {http://dl.acm.org/citation.cfm?id=646255.684566},
 acmid = {684566},
 publisher = {Springer-Verlag},
 address = {Berlin, Heidelberg},
} 

@article{brodnik1999,
 author = {Brodnik, Andrej and Munro, J. Ian},
 title = {Membership in Constant Time  and Almost-Minimum Space},
 journal = {SIAM J. Comput.},
 issue_date = {April/May 1999},
 volume = {28},
 number = {5},
 month = may,
 year = {1999},
 issn = {0097-5397},
 pages = {1627--1640},
 numpages = {14},
 url = {https://doi.org/10.1137/S0097539795294165},
 doi = {10.1137/S0097539795294165},
 acmid = {347587},
 publisher = {Society for Industrial and Applied Mathematics},
 address = {Philadelphia, PA, USA},
 keywords = {data structures, dictionary problem, efficient algorithms hashing, information retrieval, lower bound, minimum space, search strategy},
} 

@inproceedings{dobra2002,
 author = {Dobra, Alin and Garofalakis, Minos and Gehrke, Johannes and Rastogi, Rajeev},
 title = {Processing Complex Aggregate Queries over Data Streams},
 booktitle = {Proceedings of the 2002 ACM SIGMOD International Conference on Management of Data},
 series = {SIGMOD '02},
 year = {2002},
 isbn = {1-58113-497-5},
 location = {Madison, Wisconsin},
 pages = {61--72},
 numpages = {12},
 url = {http://doi.acm.org/10.1145/564691.564699},
 doi = {10.1145/564691.564699},
 acmid = {564699},
 publisher = {ACM},
 address = {New York, NY, USA},
} 

@inproceedings{gilbert2002,
 author = {Gilbert, Anna C. and Kotidis, Yannis and Muthukrishnan, S. and Strauss, Martin J.},
 title = {How to Summarize the Universe: Dynamic Maintenance of Quantiles},
 booktitle = {Proceedings of the 28th International Conference on Very Large Data Bases},
 series = {VLDB '02},
 year = {2002},
 location = {Hong Kong, China},
 pages = {454--465},
 numpages = {12},
 url = {http://dl.acm.org/citation.cfm?id=1287369.1287409},
 acmid = {1287409},
 publisher = {VLDB Endowment},
} 


@inproceedings{alon1996,
 author = {Alon, Noga and Matias, Yossi and Szegedy, Mario},
 title = {The Space Complexity of Approximating the Frequency Moments},
 booktitle = {Proceedings of the Twenty-eighth Annual ACM Symposium on Theory of Computing},
 series = {STOC '96},
 year = {1996},
 isbn = {0-89791-785-5},
 location = {Philadelphia, Pennsylvania, USA},
 pages = {20--29},
 numpages = {10},
 url = {http://doi.acm.org/10.1145/237814.237823},
 doi = {10.1145/237814.237823},
 acmid = {237823},
 publisher = {ACM},
 address = {New York, NY, USA},
} 

@article{estan2003,
 author = {Estan, Cristian and Varghese, George},
 title = {New Directions in Traffic Measurement and Accounting: Focusing on the Elephants, Ignoring the Mice},
 journal = {ACM Trans. Comput. Syst.},
 issue_date = {August 2003},
 volume = {21},
 number = {3},
 month = aug,
 year = {2003},
 issn = {0734-2071},
 pages = {270--313},
 numpages = {44},
 url = {http://doi.acm.org/10.1145/859716.859719},
 doi = {10.1145/859716.859719},
 acmid = {859719},
 publisher = {ACM},
 address = {New York, NY, USA},
 keywords = {Network traffic measurement, identifying large flows, on-line algorithms, scalability, usage based accounting},
} 

@INPROCEEDINGS{broder2002,
    author = {Andrei Broder and Michael Mitzenmacher and Andrei Broder I Michael Mitzenmacher},
    title = {Network Applications of Bloom Filters: A Survey},
    booktitle = {Internet Mathematics},
    year = {2002},
    pages = {636--646}
}

@article{flajolet1985,
title = "Probabilistic counting algorithms for data base applications",
journal = "Journal of Computer and System Sciences",
volume = "31",
number = "2",
pages = "182 - 209",
year = "1985",
issn = "0022-0000",
doi = "https://doi.org/10.1016/0022-0000(85)90041-8",
url = "http://www.sciencedirect.com/science/article/pii/0022000085900418",
author = "Philippe Flajolet and G. Nigel Martin"
}

@inproceedings{fan1998,
 author = {Fan, Li and Cao, Pei and Almeida, Jussara and Broder, Andrei Z.},
 title = {Summary Cache: A Scalable Wide-area Web Cache Sharing Protocol},
 booktitle = {Proceedings of the ACM SIGCOMM '98 Conference on Applications, Technologies, Architectures, and Protocols for Computer Communication},
 series = {SIGCOMM '98},
 year = {1998},
 isbn = {1-58113-003-1},
 location = {Vancouver, British Columbia, Canada},
 pages = {254--265},
 numpages = {12},
 url = {http://doi.acm.org/10.1145/285237.285287},
 doi = {10.1145/285237.285287},
 acmid = {285287},
 publisher = {ACM},
 address = {New York, NY, USA},
} 

@article{duffield2001,
 author = {Duffield, N. G. and Grossglauser, Matthias},
 title = {Trajectory Sampling for Direct Traffic Observation},
 journal = {IEEE/ACM Trans. Netw.},
 issue_date = {June 2001},
 volume = {9},
 number = {3},
 month = jun,
 year = {2001},
 issn = {1063-6692},
 pages = {280--292},
 numpages = {13},
 url = {http://dx.doi.org/10.1109/90.929851},
 doi = {10.1109/90.929851},
 acmid = {383590},
 publisher = {IEEE Press},
 address = {Piscataway, NJ, USA},
 keywords = {Hash functions, Internet traffic measurement, packet sampling, traffic engineering},
} 


@ARTICLE{chandramouli2010,
author={B. Chandramouli and M. Ali and J. Goldstein and B. Sezgin and B. S. Raman},
journal={Computer},
title={Data Stream Management Systems for Computational Finance},
year={2010},
volume={43},
number={12},
pages={45-52},
keywords={database management systems;financial data processing;query processing;computational finance;data stream management system;low latency processing;query processing;time sensitive data;Business;Finance;Monitoring;Pattern matching;Real time systems;Registers;Runtime;Computational finance;Data stream management systems;Query processing},
doi={10.1109/MC.2010.346},
ISSN={0018-9162},
month={Dec},}



@inproceedings{porat2009,
 author = {Porat, Benny and Porat, Ely},
 title = {Exact and Approximate Pattern Matching in the Streaming Model},
 booktitle = {Proceedings of the 2009 50th Annual IEEE Symposium on Foundations of Computer Science},
 series = {FOCS '09},
 year = {2009},
 isbn = {978-0-7695-3850-1},
 pages = {315--323},
 numpages = {9},
 url = {https://doi.org/10.1109/FOCS.2009.11},
 doi = {10.1109/FOCS.2009.11},
 acmid = {1748048},
 publisher = {IEEE Computer Society},
 address = {Washington, DC, USA},
 keywords = {streaming, pattern matching, randomize algorithm, combinatorial algorithm},
} 


@article{muthukrishnan2005,
 author = {Muthukrishnan, S.},
 title = {Data Streams: Algorithms and Applications},
 journal = {Found. Trends Theor. Comput. Sci.},
 issue_date = {August 2005},
 volume = {1},
 number = {2},
 month = aug,
 year = {2005},
 issn = {1551-305X},
 pages = {117--236},
 numpages = {120},
 url = {http://dx.doi.org/10.1561/0400000002},
 doi = {10.1561/0400000002},
 acmid = {1166410},
 publisher = {Now Publishers Inc.},
 address = {Hanover, MA, USA},
} 

@article{Cormode2012,
 author = {Cormode, Graham and Muthukrishnan, Muthu},
 title = {Approximating Data with the Count-Min Sketch},
 journal = {IEEE Softw.},
 issue_date = {January 2012},
 volume = {29},
 number = {1},
 month = jan,
 year = {2012},
 issn = {0740-7459},
 pages = {64--69},
 numpages = {6},
 url = {http://dx.doi.org/10.1109/MS.2011.127},
 doi = {10.1109/MS.2011.127},
 acmid = {2122383},
 publisher = {IEEE Computer Society Press},
 address = {Los Alamitos, CA, USA},
 keywords = {Count-Min sketch, massive data, streaming algorithms, software engineering},
} 

@article{cafaro2016,
title = "Mining frequent items in the time fading model",
journal = "Information Sciences",
volume = "370-371",
pages = "221 - 238",
year = "2016",
issn = "0020-0255",
doi = "https://doi.org/10.1016/j.ins.2016.07.077",
url = "http://www.sciencedirect.com/science/article/pii/S0020025516305618",
author = "Massimo Cafaro and Marco Pulimeno and Italo Epicoco and Giovanni Aloisio",
keywords = "Frequent items, Time fading model, Cash register model, Sketches"
}

@article{cafaro2018,
title = "Parallel mining of time-faded heavy hitters",
journal = "Expert Systems with Applications",
volume = "96",
pages = "115 - 128",
year = "2018",
issn = "0957-4174",
doi = "https://doi.org/10.1016/j.eswa.2017.11.021",
url = "http://www.sciencedirect.com/science/article/pii/S0957417417307777",
author = "Massimo Cafaro and Marco Pulimeno and Italo Epicoco",
keywords = "Message–passing, Heavy hitters, Time–fading model, Sketches"
}

@article{Das2009,
 author = {Das, Sudipto and Antony, Shyam and Agrawal, Divyakant and El Abbadi, Amr},
 title = {Thread Cooperation in Multicore Architectures for Frequency Counting over Multiple Data Streams},
 journal = {Proc. VLDB Endow.},
 issue_date = {August 2009},
 volume = {2},
 number = {1},
 month = aug,
 year = {2009},
 issn = {2150-8097},
 pages = {217--228},
 numpages = {12},
 url = {http://dx.doi.org/10.14778/1687627.1687653},
 doi = {10.14778/1687627.1687653},
 acmid = {1687653},
 publisher = {VLDB Endowment},
} 

@inproceedings{Dahlgaard2017,
  author    = {S{\o}ren Dahlgaard and
               Mathias B{\ae}k Tejs Knudsen and
               Mikkel Thorup},
  title     = {Practical Hash Functions for Similarity Estimation and Dimensionality
               Reduction},
  booktitle = {Advances in Neural Information Processing Systems 30: Annual Conference
               on Neural Information Processing Systems 2017, 4-9 December 2017,
               Long Beach, CA, {USA}},
  pages     = {6618--6628},
  year      = {2017},
}

@techreport{Thomas2007,
     title = {{A Frequency-aware Parallel Algorithm for Counting Stream Items on Multicore Processors}},
     author = {Dina Thomas and  Rajesh Bordawekar and  Charu Aggarwal and Philip S. Yu},
     year = {2007},
     institution = {IBM}
}

