@article{2,
 author = {P\v{a}tra\c{s}cu, Mihai and Thorup, Mikkel},
 title = {The Power of Simple Tabulation Hashing},
 journal = {J. ACM},
 issue_date = {June 2012},
 volume = {59},
 number = {3},
 month = jun,
 year = {2012},
 issn = {0004-5411},
 pages = {14:1--14:50},
 articleno = {14},
 numpages = {50},
 url = {http://doi.acm.org/10.1145/2220357.2220361},
 doi = {10.1145/2220357.2220361},
 acmid = {2220361},
 publisher = {ACM},
 address = {New York, NY, USA},
 keywords = {Hashing, tabulation},
} 

@article{1,
author = {Albert Lindsey Zobrist},
title = {A new hashing method with application for game playing.},
issuetitle = {Technical Report 88.},
institution = {Computer Science Department, University of Wisconsin},
address = {Madison, WI},
}

@article{3,
author = {Graham Cormode}
year ={2009}
title = {Count-Min Sketch. In: LIU L., Ã–ZSU M.T. (eds) Encyclopedia of Database Systems}
address = {Springer, Boston, MA}
}

